
@article{andrews_bright_2009,
	title = {The bright side of being blue: Depression as an adaptation for analyzing complex problems.},
	volume = {116},
	issn = {1939-1471, 0033-{295X}},
	shorttitle = {The bright side of being blue},
	url = {http://doi.apa.org/getdoi.cfm?doi=10.1037/a0016242},
	doi = {10.1037/a0016242},
	number = {3},
	urldate = {2012-11-18},
	journal = {Psychological Review},
	author = {Andrews, Paul W. and Thomson, J. Anderson},
	year = {2009},
	pages = {620--654},
	file = {Andrews_2009.pdf:/Users/M/Desktop/Dropbox/The Thesis/literature/anxiety andor error monitoring andor ern/Andrews_2009.pdf:application/pdf}
}